
@article{rescorla_introduction_2006,
	title = {Introduction to distributed hash tables},
	journal = {IETF-65 Technical Plenary},
	author = {Rescorla, Eric and Resonance, N},
	year = {2006},
	pages = {130--138}
}

@article{aggarwal_domain_2010,
	title = {Domain {Name} {System} for {PeerHosting}},
	author = {Aggarwal, Arnav and Tech, B},
	year = {2010}
}

@incollection{cox_serving_2002,
	address = {Berlin, Heidelberg},
	title = {Serving {DNS} {Using} a {Peer}-to-{Peer} {Lookup} {Service}},
	isbn = {978-3-540-45748-0},
	url = {https://doi.org/10.1007/3-540-45748-8_15},
	abstract = {The current domain name system (DNS) couples ownership of domains with the responsibility of serving data for them. The DNS security extensions (DNSSEC) allow verificaton of records obtained by alternate means, opening exploration of alternative storage systems for DNS records. We explore one such alternative using DHash, a peer-to- peer distributed hash table built on top of Chord. Our system inherits Chord's fault-tolerance and load balance properties, at the same time eliminating many administrative problems with the current DNS. Still, our system has significantly higher latencies and other disadvantages in comparison with conventional DNS. We use this comparison to draw conclusions about general issues that still need to be addressed in peer- to-peer systems and distributed hash tables in particular.},
	booktitle = {Peer-to-{Peer} {Systems}: {First} {InternationalWorkshop}, {IPTPS} 2002 {Cambridge}, {MA}, {USA}, {March} 7–8, 2002 {Revised} {Papers}},
	publisher = {Springer Berlin Heidelberg},
	author = {Cox, Russ and Muthitacharoen, Athicha and Morris, Robert T.},
	editor = {Druschel, Peter and Kaashoek, Frans and Rowstron, Antony},
	year = {2002},
	note = {DOI: 10.1007/3-540-45748-8\_15},
	pages = {155--165}
}

@inproceedings{pappas_comparative_2006,
	title = {A comparative study of the {DNS} design with {DHT}-based alternatives},
	booktitle = {{INFOCOM} 2006. 25th {IEEE} {International} {Conference} on {Computer} {Communications}. {Proceedings}},
	publisher = {IEEE},
	author = {Pappas, Vasileios and Massey, Daniel and Terzis, Andreas and Zhang, Lixia},
	year = {2006},
	pages = {1--13}
}

@inproceedings{ramasubramanian_design_2004,
	title = {The design and implementation of a next generation name service for the internet},
	volume = {34},
	booktitle = {{ACM} {SIGCOMM} {Computer} {Communication} {Review}},
	publisher = {ACM},
	author = {Ramasubramanian, Venugopalan and Sirer, Emin Gün},
	year = {2004},
	pages = {331--342}
}

@article{stoica_chord:_2001,
	title = {Chord: {A} scalable peer-to-peer lookup service for internet applications},
	volume = {31},
	number = {4},
	journal = {ACM SIGCOMM Computer Communication Review},
	author = {Stoica, Ion and Morris, Robert and Karger, David and Kaashoek, M Frans and Balakrishnan, Hari},
	year = {2001},
	pages = {149--160}
}

@inproceedings{theimer_overlook:_2002,
	title = {Overlook: {Scalable} name service on an overlay network},
	booktitle = {Distributed {Computing} {Systems}, 2002. {Proceedings}. 22nd {International} {Conference} on},
	publisher = {IEEE},
	author = {Theimer, Marvin and Jones, Michael B},
	year = {2002},
	pages = {52--61}
}

@inproceedings{baumgart_p2pns:_2008,
	title = {P2pns: {A} secure distributed name service for p2psip},
	booktitle = {Pervasive {Computing} and {Communications}, 2008. {PerCom} 2008. {Sixth} {Annual} {IEEE} {International} {Conference} on},
	publisher = {IEEE},
	author = {Baumgart, Ingmar},
	year = {2008},
	pages = {480--485}
}

@article{musiani_decentralizing_2013,
	title = {Decentralizing {DNS}: {Peers}, infrastructure, and internet governance},
	journal = {Georgetown Journal of International Affairs},
	author = {Musiani, Francesca},
	year = {2013},
	pages = {111--118}
}

@inproceedings{musiani_decentralized_2013,
	title = {A {Decentralized} {Domain} {Name} {System}? {User}-{Controlled} {Infrastructure} as {Alternative} {Internet} {Governance}},
	booktitle = {8th {Media} {In} {Transition} ({MiT}8) conference, {May}},
	author = {Musiani, Francesca},
	year = {2013},
	pages = {3--5}
}

@article{danielis_p-donas:_2015,
	title = {P-{DONAS}: {A} {P}2P-based {Domain} {Name} {System} in {Access} {Networks}},
	volume = {15},
	number = {3},
	journal = {ACM Transactions on Internet Technology (TOIT)},
	author = {Danielis, Peter and Altmann, Vlado and Skodzik, Jan and Wegner, Tim and Koerner, Achim and Timmermann, Dirk},
	year = {2015},
	pages = {11}
}

@inproceedings{dabek_wide-area_2001,
	title = {Wide-area cooperative storage with {CFS}},
	volume = {35},
	booktitle = {{ACM} {SIGOPS} {Operating} {Systems} {Review}},
	publisher = {ACM},
	author = {Dabek, Frank and Kaashoek, M Frans and Karger, David and Morris, Robert and Stoica, Ion},
	year = {2001},
	pages = {202--215}
}

@article{pumo_andna:_2007,
	title = {{ANDNA}: the distributed hostname management system of {Netsukuku}},
	journal = {arXiv preprint arXiv:0705.0820},
	author = {Pumo, Andrea Lo},
	year = {2007}
}

@article{pumo_overview_2007,
	title = {Overview of the {Netsukuku} network},
	journal = {arXiv preprint arXiv:0705.0815},
	author = {Pumo, Andrea Lo},
	year = {2007}
}

@inproceedings{song_study_2011,
	title = {Study on a hybrid {P}2P based {DNS}},
	volume = {4},
	booktitle = {Computer {Science} and {Automation} {Engineering} ({CSAE}), 2011 {IEEE} {International} {Conference} on},
	publisher = {IEEE},
	author = {Song, Yiting and Koyanagi, Keiichi},
	year = {2011},
	pages = {152--155}
}

@misc{johnson_ens_2017,
	title = {{ENS} {Documentation}},
	url = {https://media.readthedocs.org/pdf/ens/latest/ens.pdf},
	urldate = {2017-12-02},
	author = {Johnson, Eric},
	month = sep,
	year = {2017}
}

@article{sit_security_2002,
	title = {Security considerations for peer-to-peer distributed hash tables},
	journal = {Peer-to-Peer Systems},
	author = {Sit, Emil and Morris, Robert},
	year = {2002},
	pages = {261--269}
}

@article{huang_distributed_2013,
	title = {Distributed {DNS} implementation in {IPv}6},
	author = {Huang, Lican},
	year = {2013}
}

@inproceedings{huang_virgo_2008,
	title = {Virgo p2p based distributed dns framework for ipv6 network},
	volume = {1},
	booktitle = {Networked {Computing} and {Advanced} {Information} {Management}, 2008. {NCM}'08. {Fourth} {International} {Conference} on},
	publisher = {IEEE},
	author = {Huang, Lican},
	year = {2008},
	pages = {698--702}
}

@techreport{mockapetris_domain_1987,
	title = {Domain {Names} - {Concepts} and facilities},
	url = {https://www.rfc-editor.org/info/rfc1304},
	institution = {IETF},
	author = {Mockapetris, Paul},
	month = nov,
	year = {1987},
	note = {DOI: 10.17487/RFC1304}
}

@techreport{mockapetris_domain_1987-1,
	title = {Domain names - implementation and specification},
	url = {https://www.rfc-editor.org/info/rfc1305},
	institution = {IETF},
	author = {Mockapetris, Paul},
	month = nov,
	year = {1987},
	note = {DOI: 10.17487/RFC1035}
}

@inproceedings{pappas_impact_2004,
	title = {Impact of configuration errors on {DNS} robustness},
	volume = {34},
	booktitle = {{ACM} {SIGCOMM} {Computer} {Communication} {Review}},
	publisher = {ACM},
	author = {Pappas, Vasileios and Xu, Zhiguo and Lu, Songwu and Massey, Daniel and Terzis, Andreas and Zhang, Lixia},
	year = {2004},
	pages = {319--330}
}

@techreport{barr_common_1996,
	title = {Common {DNS} operational and configuration errors},
	url = {https://www.rfc-editor.org/info/rfc1912},
	institution = {IETF},
	author = {Barr, D},
	month = feb,
	year = {1996},
	note = {DOI: 10.17487/RFC1912}
}

@article{mockapetris_development_1988,
	title = {Development of the {Domain} {Name} {System}},
	volume = {18},
	issn = {0146-4833},
	url = {http://doi.acm.org/10.1145/52325.52338},
	doi = {10.1145/52325.52338},
	number = {4},
	journal = {SIGCOMM Comput. Commun. Rev.},
	author = {Mockapetris, P. and Dunlap, K. J.},
	month = aug,
	year = {1988},
	pages = {123--133}
}

@book{kshemkalyani_distributed_2011,
	title = {Distributed computing: principles, algorithms, and systems},
	publisher = {Cambridge University Press},
	author = {Kshemkalyani, Ajay D and Singhal, Mukesh},
	year = {2011}
}

@inproceedings{dabek_building_2001,
	title = {Building peer-to-peer systems with {Chord}, a distributed lookup service},
	booktitle = {Hot {Topics} in {Operating} {Systems}, 2001. {Proceedings} of the {Eighth} {Workshop} on},
	publisher = {IEEE},
	author = {Dabek, Frank and Brunskill, Emma and Kaashoek, M Frans and Karger, David and Morris, Robert and Stoica, Ion and Balakrishnan, Hari},
	year = {2001},
	pages = {81--86}
}

@article{jung_dns_2002,
	title = {{DNS} performance and the effectiveness of caching},
	volume = {10},
	number = {5},
	journal = {IEEE/ACM Transactions on networking},
	author = {Jung, Jaeyeon and Sit, Emil and Balakrishnan, Hari and Morris, Robert},
	year = {2002},
	pages = {589--603}
}

@inproceedings{rowstron_pastry:_2001,
	title = {Pastry: {Scalable}, decentralized object location, and routing for large-scale peer-to-peer systems},
	booktitle = {{IFIP}/{ACM} {International} {Conference} on {Distributed} {Systems} {Platforms} and {Open} {Distributed} {Processing}},
	publisher = {Springer},
	author = {Rowstron, Antony and Druschel, Peter},
	year = {2001},
	pages = {329--350}
}

@book{huitema_peer--peer_2006,
	title = {Peer-to-peer name resolution protocol ({PNRP}) and multilevel cache for use therewith},
	url = {https://www.google.com/patents/US7065587},
	publisher = {Google Patents},
	author = {Huitema, C. and Miller, J.L.},
	month = jun,
	year = {2006}
}

@misc{microsoft_peer_2017,
	title = {Peer {Name} {Resolution} {Protocol} ({PNRP}) {Version} 4.0},
	url = {https://winprotocoldoc.blob.core.windows.net/productionwindowsarchives/MS-PNRP/[MS-PNRP].pdf},
	urldate = {2017-12-07},
	publisher = {Microsoft},
	author = {Microsoft},
	month = sep,
	year = {2017}
}

@misc{cmdrtaco_perils_2006,
	title = {Perils of {DNS} at {RIPE}-52},
	url = {https://slashdot.org/story/06/04/26/1247240/perils-of-dns-at-ripe-52},
	journal = {Slashdot},
	author = {CmdrTaco},
	month = apr,
	year = {2006}
}

@article{ward_big_2006,
	title = {Big holes in net's heart revealed},
	url = {http://news.bbc.co.uk/2/hi/technology/4954208.stm},
	journal = {BBC NEWS},
	author = {Ward, Mark},
	month = apr,
	year = {2006}
}

@misc{various_dns-operations_2006,
	title = {The dns-operations {April} 2006 {Archive} by thread},
	url = {https://lists.dns-oarc.net/pipermail/dns-operations/2006-April/},
	journal = {dns-operations mailing list},
	author = {Various},
	month = apr,
	year = {2006}
}

@techreport{hardie_distributing_2002,
	title = {Distributing {Authoritative} {Name} {Servers} via {Shared} {Unicast} {Addresses}},
	url = {https://www.rfc-editor.org/info/rfc3258},
	institution = {IETF},
	author = {Hardie, T},
	month = apr,
	year = {2002},
	note = {DOI: 10.17487/RFC3258}
}

@misc{gun_sirer_codons_2017,
	title = {{CoDoNS}},
	author = {Gun Sirer, Emin},
	month = nov,
	year = {2017},
	note = {Personal email communication.}
}

@inproceedings{shapiro_conflict-free_2011,
	title = {Conflict-free replicated data types},
	booktitle = {Symposium on {Self}-{Stabilizing} {Systems}},
	publisher = {Springer},
	author = {Shapiro, Marc and Preguiça, Nuno and Baquero, Carlos and Zawirski, Marek},
	year = {2011},
	pages = {386--400}
}